@misc{OHSU-overleaf-dissertation-template,
  title = {OHSU LaTeX Dissertation Template},
  author = {Cordier, B. A.},
  year = {2021},
  note = {Available on Overleaf},
  url = {https://github.com/greenstick/ohsu-dissertation-template},
  doi = {}
}

@ARTICLE{9016106,
  author={Bendory, Tamir and Bartesaghi, Alberto and Singer, Amit},
  journal={IEEE Signal Processing Magazine}, 
  title={Single-Particle Cryo-Electron Microscopy: Mathematical Theory, Computational Challenges, and Opportunities}, 
  year={2020},
  volume={37},
  number={2},
  pages={58-76},
  doi={10.1109/MSP.2019.2957822}}
  
@article{sigworth1998maximum,
  title={A maximum-likelihood approach to single-particle image refinement},
  author={Sigworth, Fred J},
  journal={Journal of structural biology},
  volume={122},
  number={3},
  pages={328--339},
  year={1998},
  publisher={Elsevier}
}

@article{scheres2005fast,
  title={Fast maximum-likelihood refinement of electron microscopy images},
  author={Scheres, Sjors HW and Valle, Mikel and Carazo, Jos{\'e}-Mar{\'\i}a},
  journal={Bioinformatics},
  volume={21},
  number={suppl\_2},
  pages={ii243--ii244},
  year={2005},
  publisher={Oxford University Press}
}

@article{scheres2014beam,
  title={Beam-induced motion correction for sub-megadalton cryo-EM particles},
  author={Scheres, Sjors HW},
  journal={elife},
  volume={3},
  pages={e03665},
  year={2014},
  publisher={eLife Sciences Publications Limited}
}

@article{song2013flexibility,
  title={Flexibility within the rotor and stators of the vacuolar H+-ATPase},
  author={Song, Chun Feng and Papachristos, Kostas and Rawson, Shaun and Huss, Markus and Wieczorek, Helmut and Paci, Emanuele and Trinick, John and Harrison, Michael A and Muench, Stephen P},
  journal={PLoS One},
  volume={8},
  number={12},
  pages={e82207},
  year={2013},
  publisher={Public Library of Science}
}

@article{chowdhury2015structural,
  title={Structural organization of the dynein--dynactin complex bound to microtubules},
  author={Chowdhury, Saikat and Ketcham, Stephanie A and Schroer, Trina A and Lander, Gabriel C},
  journal={Nature structural \& molecular biology},
  volume={22},
  number={4},
  pages={345--347},
  year={2015},
  publisher={Nature Publishing Group}
}

@misc{boumal2018heterogeneous,
      title={Heterogeneous multireference alignment: a single pass approach}, 
      author={Nicolas Boumal and Tamir Bendory and Roy R. Lederman and Amit Singer},
      year={2018},
      eprint={1710.02590},
      archivePrefix={arXiv},
      primaryClass={cs.IT}
}

@article{zachary1976,
author = {Zachary, Wayne},
year = {1976},
month = {11},
pages = {},
title = {An Information Flow Model for Conflict and Fission in Small Groups1},
volume = {33},
journal = {Journal of anthropological research},
doi = {10.1086/jar.33.4.3629752}
}

@article{guimera2005,
author = {Guimerà, Roger and Amaral, Luís},
year = {2005},
month = {01},
pages = {22-231},
title = {Functional Cartography of Complex Metabolic Networks},
volume = {23},
journal = {Nature}
}

@article{girvannewman2002,
author = {Girvan, Michelle and Newman, Mark},
year = {2002},
month = {07},
pages = {7821-6},
title = {Girvan, M. and Newman, M. E. J. Community structure in social and biological networks. Proc. Natl Acad. Sci. USA 99, 7821-7826},
volume = {99},
journal = {Proceedings of the National Academy of Sciences of the United States of America},
doi = {10.1073/pnas.122653799}
}

@article{Newman_2004,
   title={Fast algorithm for detecting community structure in networks},
   volume={69},
   ISSN={1550-2376},
   url={http://dx.doi.org/10.1103/PhysRevE.69.066133},
   DOI={10.1103/physreve.69.066133},
   number={6},
   journal={Physical Review E},
   publisher={American Physical Society (APS)},
   author={Newman, M. E. J.},
   year={2004},
   month={Jun}
}

@article{Raghavan_2007,
   title={Near linear time algorithm to detect community structures in large-scale networks},
   volume={76},
   ISSN={1550-2376},
   url={http://dx.doi.org/10.1103/PhysRevE.76.036106},
   DOI={10.1103/physreve.76.036106},
   number={3},
   journal={Physical Review E},
   publisher={American Physical Society (APS)},
   author={Raghavan, Usha Nandini and Albert, Réka and Kumara, Soundar},
   year={2007},
   month={Sep}
}

@article{Newman_2006,
   title={Finding community structure in networks using the eigenvectors of matrices},
   volume={74},
   ISSN={1550-2376},
   url={http://dx.doi.org/10.1103/PhysRevE.74.036104},
   DOI={10.1103/physreve.74.036104},
   number={3},
   journal={Physical Review E},
   publisher={American Physical Society (APS)},
   author={Newman, M. E. J.},
   year={2006},
   month={Sep}
}

@article{Pons_2006,
author = {Pons, Pascal and Latapy, Matthieu},
year = {2006},
month = {01},
pages = {191-218},
title = {Computing Communities in Large Networks Using Random Walks.},
volume = {10},
journal = {J. Graph Algorithms Appl.},
doi = {10.7155/jgaa.00124}
}

@article{Rosvall_2009,
   title={The map equation},
   volume={178},
   ISSN={1951-6401},
   url={http://dx.doi.org/10.1140/epjst/e2010-01179-1},
   DOI={10.1140/epjst/e2010-01179-1},
   number={1},
   journal={The European Physical Journal Special Topics},
   publisher={Springer Science and Business Media LLC},
   author={Rosvall, M. and Axelsson, D. and Bergstrom, C. T.},
   year={2009},
   month={Nov},
   pages={13–23}
}

@article{Blondel_2008,
   title={Fast unfolding of communities in large networks},
   volume={2008},
   ISSN={1742-5468},
   url={http://dx.doi.org/10.1088/1742-5468/2008/10/P10008},
   DOI={10.1088/1742-5468/2008/10/p10008},
   number={10},
   journal={Journal of Statistical Mechanics: Theory and Experiment},
   publisher={IOP Publishing},
   author={Blondel, Vincent D and Guillaume, Jean-Loup and Lambiotte, Renaud and Lefebvre, Etienne},
   year={2008},
   month={Oct},
   pages={P10008}
}

@article{Traag_2019,
   title={From Louvain to Leiden: guaranteeing well-connected communities},
   volume={9},
   ISSN={2045-2322},
   url={http://dx.doi.org/10.1038/s41598-019-41695-z},
   DOI={10.1038/s41598-019-41695-z},
   number={1},
   journal={Scientific Reports},
   publisher={Springer Science and Business Media LLC},
   author={Traag, V. A. and Waltman, L. and van Eck, N. J.},
   year={2019},
   month={Mar}
}

@article{Reichardt_2006,
   title={Statistical mechanics of community detection},
   volume={74},
   ISSN={1550-2376},
   url={http://dx.doi.org/10.1103/PhysRevE.74.016110},
   DOI={10.1103/physreve.74.016110},
   number={1},
   journal={Physical Review E},
   publisher={American Physical Society (APS)},
   author={Reichardt, Jörg and Bornholdt, Stefan},
   year={2006},
   month={Jul}
}

